@misc{QuandlWIKI,
  title = {Wiki -- Various End-Of-Day Stock Prices},
  author = {Quandl.com},
  year = 2017,
  Howpublished = {\url{https://www.quandl.com/product/WIKIP/usage/export}},
  urldate = {2017-11-07},
  Note = {[Online; accessed 07-Nov-2017]},
}

@misc{French2016Data,
	Author = {Kenneth R. French},
	Date-Added = {2016-10-09 01:31:01 +0000},
	Date-Modified = {2016-10-09 01:33:31 +0000},
	Howpublished = {\url{http://mba.tuck.dartmouth.edu/pages/faculty/ken.french/data_library.html}},
	Lastchecked = {2016-09-15},
	Note = {[Online; accessed 20-Sep-2017]},
	Title = {Data Library},
	Urldate = {2016},
	Year = {2016}
}
	
@article{fama1993common,
	Author = {Fama, Eugene F and French, Kenneth R},
	Date-Added = {2016-09-23 01:43:26 +0000},
	Date-Modified = {2016-09-23 01:43:26 +0000},
	Journal = {Journal of Financial Economics},
	Number = {1},
	Pages = {3--56},
	Publisher = {Elsevier},
	Title = {Common risk factors in the returns on stocks and bonds},
	Volume = {33},
	Year = {1993}
}

@incollection{idzorek2007step,
  title={A step-by-step guide to the Black-Litterman model: Incorporating user-specified confidence levels},
  author={Idzorek, Thomas},
  booktitle={Forecasting expected returns in the financial markets},
  pages={17--38},
  year={2007},
  publisher={Elsevier}
}